%% This BibTeX bibliography file was created using BibDesk.
%% http://bibdesk.sourceforge.net/

%% Created for Jonathan Dingel at 2021-08-02 09:30:58 -0500


%% Saved with string encoding Unicode (UTF-8)


@article{sorkin2018ranking,
  title={Ranking firms using revealed preference},
  author={Sorkin, Isaac},
  journal={The quarterly journal of economics},
  volume={133},
  number={3},
  pages={1331--1393},
  year={2018},
  publisher={Oxford University Press}
}
