%% This BibTeX bibliography file was created using BibDesk.
%% http://bibdesk.sourceforge.net/

%% Created for Jonathan Dingel at 2021-08-02 09:30:58 -0500


%% Saved with string encoding Unicode (UTF-8)


@article{dornbusch1977comparative,
  title={Comparative advantage, trade, and payments in a Ricardian model with a continuum of goods},
  author={Dornbusch, Rudiger and Fischer, Stanley and Samuelson, Paul Anthony},
  journal={The American Economic Review},
  volume={67},
  number={5},
  pages={823--839},
  year={1977},
  publisher={JSTOR}
}